<record><leader>00000cas a2200000 a 4500</leader><controlfield tag="001">37295900</controlfield><controlfield tag="008">970715d19921995oruwr ne      0    0eng c</controlfield><datafield ind1=" " ind2=" " tag="010"><subfield code="a">sn 96088209 </subfield></datafield><datafield ind1=" " ind2=" " tag="040"><subfield code="a">OCN</subfield><subfield code="b">eng</subfield><subfield code="c">OCN</subfield><subfield code="d">OCLCQ</subfield><subfield code="d">ORU</subfield><subfield code="d">OCLCQ</subfield><subfield code="d">OCLCF</subfield><subfield code="d">OCLCO</subfield></datafield><datafield ind1="1" ind2=" " tag="029"><subfield code="a">AU@</subfield><subfield code="b">000013412325</subfield></datafield><datafield ind1=" " ind2=" " tag="042"><subfield code="a">pcc</subfield></datafield><datafield ind1=" " ind2=" " tag="043"><subfield code="a">n-us-or</subfield></datafield><datafield ind1="0" ind2=" " tag="130"><subfield code="a">Clackamas County review (Clackamas, Or.)</subfield></datafield><datafield ind1="1" ind2="4" tag="245"><subfield code="a">The Clackamas County review.</subfield></datafield><datafield ind1=" " ind2=" " tag="260"><subfield code="a">Clackamas, Or. :</subfield><subfield code="b">Eastside Pub. Co.,</subfield><subfield code="c">1992-1995.</subfield></datafield><datafield ind1=" " ind2=" " tag="300"><subfield code="a">v.</subfield></datafield><datafield ind1=" " ind2=" " tag="310"><subfield code="a">Weekly</subfield></datafield><datafield ind1="0" ind2=" " tag="362"><subfield code="a">Jan. 2, 1992-Apr. 17, 1995.</subfield></datafield><datafield ind1=" " ind2=" " tag="530"><subfield code="a">Also issued on microfilm from University of Oregon.</subfield></datafield><datafield ind1=" " ind2="0" tag="651"><subfield code="a">Clackamas County (Or.)</subfield><subfield code="v">Newspapers.</subfield></datafield><datafield ind1=" " ind2="0" tag="651"><subfield code="a">Clackamas (Or.)</subfield><subfield code="v">Newspapers.</subfield></datafield><datafield ind1=" " ind2="7" tag="655"><subfield code="a">Newspapers.</subfield><subfield code="2">fast</subfield><subfield code="0">(OCoLC)fst01423814</subfield></datafield><datafield ind1=" " ind2="7" tag="651"><subfield code="a">Oregon</subfield><subfield code="z">Clackamas.</subfield><subfield code="2">fast</subfield><subfield code="0">(OCoLC)fst01308449</subfield></datafield><datafield ind1=" " ind2="7" tag="651"><subfield code="a">Oregon</subfield><subfield code="z">Clackamas County.</subfield><subfield code="2">fast</subfield><subfield code="0">(OCoLC)fst01218420</subfield></datafield><datafield ind1=" " ind2=" " tag="752"><subfield code="a">United States</subfield><subfield code="b">Oregon</subfield><subfield code="c">Clackamas</subfield><subfield code="d">Clackamas.</subfield></datafield><datafield ind1="0" ind2="0" tag="780"><subfield code="t">Review (Clackamas, Or.)</subfield><subfield code="w">(DLC)sn 96088208</subfield><subfield code="w">(OCoLC)37295896</subfield></datafield><datafield ind1="0" ind2="0" tag="785"><subfield code="t">Clackamas review</subfield><subfield code="w">(DLC)sn 00063504</subfield><subfield code="w">(OCoLC)43344535</subfield></datafield></record>